<record xmlns="http://www.loc.gov/MARC21/slim" xmlns:xsi="http://www.w3.org/2001/XMLSchema-instance" xsi:schemaLocation="http://www.loc.gov/MARC21/slim http://www.loc.gov/standards/marcxml/schema/MARC21slim.xsd"><leader>     nam a22        4500</leader><controlfield tag="001">001677144</controlfield><controlfield tag="003">NNU</controlfield><controlfield tag="006">m        d        </controlfield><controlfield tag="007">cr cn |||m|||a</controlfield><controlfield tag="008">150313s1959    ir h    ob    000 0 ara d</controlfield><datafield ind1=" " ind2=" " tag="040"><subfield code="a">NNU</subfield><subfield code="b">eng</subfield><subfield code="c">NNU</subfield></datafield><datafield ind1="1" ind2=" " tag="100"><subfield code="a">N&#257;&#700;&#299;n&#299;, Bah&#257;&#700; al-D&#299;n Mu&#7717;ammad,</subfield><subfield code="d">d. 1727 or 8.</subfield></datafield><datafield ind1="1" ind2="0" tag="245"><subfield code="a">Zaw&#257;hir al-jaw&#257;hir f&#299; naw&#257;dir al-zaw&#257;jir</subfield><subfield code="h">[electronic resource] /</subfield><subfield code="c">ta&#700;l&#299;f Bah&#257;&#700; al-D&#299;n Mu&#7717;ammad ibn Mu&#7717;ammad B&#257;qir al-Mukht&#257;r&#299; al-N&#257;&#700;&#299;n&#299;, wa-ma&#699;ahu muqaddimah wa-ta&#699;l&#299;q&#257;t bi-qalam A&#7717;mad al-Raw&#7693;&#257;t&#299;.</subfield></datafield><datafield ind1=" " ind2=" " tag="260"><subfield code="a">I&#7779;fah&#257;n :</subfield><subfield code="b">Ma&#7789;ba&#699;at &#7716;abl al-Mat&#299;n,</subfield><subfield code="c">1379 [1959 or 1960]</subfield></datafield><datafield ind1=" " ind2=" " tag="300"><subfield code="a">online resource (195 p.) :</subfield><subfield code="b">facsims.</subfield></datafield><datafield ind1="0" ind2=" " tag="490"><subfield code="a">Silsilat al-makh&#7789;&#363;&#7789;&#257;t;</subfield><subfield code="v">al-Juz&#700; 2/5</subfield></datafield><datafield ind1=" " ind2=" " tag="500"><subfield code="a">In Arabic.</subfield></datafield><datafield ind1=" " ind2=" " tag="500"><subfield code="a">"Kit&#257;b f&#299; al-akhl&#257;q wa-tahdh&#299;b al-nafs bi-usl&#363;b &#699;aj&#299;b."</subfield></datafield><datafield ind1=" " ind2=" " tag="500"><subfield code="a">Part of the Arabic Collections Online (ACO) project, contributed by New York Univeristy Libraries.</subfield></datafield><datafield ind1=" " ind2=" " tag="504"><subfield code="a">Includes bibliographical references.</subfield></datafield><datafield ind1=" " ind2=" " tag="533"><subfield code="a">Electronic reproduction.</subfield><subfield code="b">New York, N.Y. :</subfield><subfield code="c">New York University,</subfield><subfield code="d">2015.</subfield><subfield code="5">NNU</subfield></datafield><datafield ind1=" " ind2="0" tag="650"><subfield code="a">Islamic ethics.</subfield></datafield><datafield ind1=" " ind2="0" tag="650"><subfield code="a">Islam</subfield><subfield code="v">Apologetic works.</subfield></datafield><datafield ind1="1" ind2=" " tag="700"><subfield code="a">Rawz&#804;&#257;t&#299;, A&#7717;mad.</subfield></datafield><datafield ind1="2" ind2=" " tag="710"><subfield code="a">New York University.</subfield><subfield code="b">Libraries.</subfield></datafield><datafield ind1="0" ind2=" " tag="730"><subfield code="a">Arabic Collections Online.</subfield></datafield><datafield ind1="0" ind2="8" tag="776"><subfield code="i">Print version:</subfield><subfield code="a">N&#257;&#700;&#299;n&#299;, Bah&#257;&#700; al-D&#299;n Mu&#7717;ammad, d. 1727 or 8.</subfield><subfield code="t">Zaw&#257;hir al-jaw&#257;hir f&#299; naw&#257;dir al-zaw&#257;jir</subfield><subfield code="w">(NNU)001677144</subfield></datafield><datafield ind1="4" ind2="0" tag="856"><subfield code="u">http://hdl.handle.net/2333.1/95x69rmq</subfield></datafield><datafield ind1=" " ind2=" " tag="959"><subfield code="a">NNU</subfield><subfield code="b">WEB</subfield><subfield code="c">GENI</subfield><subfield code="t">0</subfield><subfield code="m">Electronic access</subfield><subfield code="s">01</subfield></datafield><datafield ind1=" " ind2=" " tag="999"><subfield code="i">NNU_001677144</subfield><subfield code="s">nyu_aco000441</subfield><subfield code="e">(ERROR-880)(ERROR-SERIES)</subfield></datafield></record>